<record><leader>01393aam a2200373 i 4500</leader><controlfield tag="001">6802526</controlfield><controlfield tag="003">OCoLC</controlfield><controlfield tag="005">20150205121421.0</controlfield><controlfield tag="008">140922t20152015si a     b    001 0 eng d</controlfield><datafield ind1=" " ind2=" " tag="015"><subfield code="a">GBB4C3028</subfield><subfield code="2">bnb</subfield></datafield><datafield ind1="7" ind2=" " tag="016"><subfield code="a">016931899</subfield><subfield code="2">Uk</subfield></datafield><datafield ind1=" " ind2=" " tag="020"><subfield code="a">9781119028123 (hardback)</subfield></datafield><datafield ind1=" " ind2=" " tag="020"><subfield code="a">1119028124 (hardback)</subfield></datafield><datafield ind1=" " ind2=" " tag="020"><subfield code="z">9781119028161 (ePDF)</subfield></datafield><datafield ind1=" " ind2=" " tag="020"><subfield code="z">9781119028178 (ePub)</subfield></datafield><datafield ind1=" " ind2=" " tag="035"><subfield code="a">ocn898753211</subfield></datafield><datafield ind1=" " ind2=" " tag="040"><subfield code="a">NLE</subfield><subfield code="b">eng</subfield><subfield code="e">rda</subfield><subfield code="c">NLE</subfield><subfield code="d">OCLCO</subfield><subfield code="d">UKMGB</subfield><subfield code="d">HTM</subfield><subfield code="d">YDXCP</subfield><subfield code="d">BTCTA</subfield><subfield code="d">BDX</subfield><subfield code="d">CDX</subfield><subfield code="d">AEU</subfield></datafield><datafield ind1="0" ind2="4" tag="050"><subfield code="a">HB3717 2008</subfield><subfield code="b">.K66 2015</subfield></datafield><datafield ind1="0" ind2="4" tag="082"><subfield code="a">330.9/0511</subfield><subfield code="2">23</subfield></datafield><datafield ind1=" " ind2=" " tag="090"><subfield code="a">HB3717 2008 .K66 2015</subfield><subfield code="b">AEGMCT</subfield></datafield><datafield ind1="1" ind2=" " tag="100"><subfield code="a">Koo, Richard,</subfield><subfield code="e">author.</subfield></datafield><datafield ind1="1" ind2="4" tag="245"><subfield code="a">The escape from balance sheet recession and the QE trap :</subfield><subfield code="b">a hazardous road for the world economy /</subfield><subfield code="c">Richard C. Koo.</subfield></datafield><datafield ind1=" " ind2="1" tag="264"><subfield code="a">Singapore :</subfield><subfield code="b">Wiley,</subfield><subfield code="c">[2015]</subfield></datafield><datafield ind1=" " ind2="4" tag="264"><subfield code="c">&#169;2015</subfield></datafield><datafield ind1=" " ind2=" " tag="300"><subfield code="a">xxv, 320 pages :</subfield><subfield code="b">illustrations ;</subfield><subfield code="c">24 cm</subfield></datafield><datafield ind1=" " ind2=" " tag="336"><subfield code="a">text</subfield><subfield code="2">rdacontent</subfield></datafield><datafield ind1=" " ind2=" " tag="337"><subfield code="a">unmediated</subfield><subfield code="2">rdamedia</subfield></datafield><datafield ind1=" " ind2=" " tag="338"><subfield code="a">volume</subfield><subfield code="2">rdacarrier</subfield></datafield><datafield ind1=" " ind2=" " tag="504"><subfield code="a">Includes bibliographical references (pages 301-304) and index.</subfield></datafield><datafield ind1=" " ind2=" " tag="596"><subfield code="a">29</subfield></datafield><datafield ind1=" " ind2="0" tag="650"><subfield code="a">Global Financial Crisis, 2008-2009.</subfield></datafield><datafield ind1=" " ind2="0" tag="650"><subfield code="a">Quantitative easing (Monetary policy)</subfield></datafield><datafield ind1=" " ind2=" " tag="949"><subfield code="a">HB3717 2008 .K66 2015</subfield><subfield code="h">GMCT-OS-B</subfield><subfield code="i">1007438524</subfield><subfield code="p">48.79</subfield><subfield code="k">AVAIL_SOON</subfield></datafield><datafield ind1=" " ind2=" " tag="926"><subfield code="a">HB3717 2008 .K66 2015</subfield><subfield code="w">LC</subfield><subfield code="c">1</subfield><subfield code="i">1007438524</subfield><subfield code="d">3/3/2015</subfield><subfield code="l">ON_SHELF</subfield><subfield code="m">GR_MACEWAN</subfield><subfield code="p">$46.47</subfield><subfield code="r">Y</subfield><subfield code="s">Y</subfield><subfield code="t">BOOK</subfield><subfield code="u">2/11/2015</subfield></datafield></record>